<?xml version="1.0" encoding="UTF-8"?><collection xmlns="http://www.loc.gov/MARC21/slim"><record><leader>00352nam--2200121-i-4500</leader><controlfield tag="001">000048744</controlfield><controlfield tag="002">20161230</controlfield><controlfield tag="005">20161230201047</controlfield><controlfield tag="008">060222s1000------------r-----000-0-eng-d</controlfield><datafield ind1=" " ind2=" " tag="100"><subfield code="a">Agranovich,V.M.,Ginsburg,V.L</subfield></datafield><datafield ind1=" " ind2=" " tag="245"><subfield code="a">Kristallooptika s uchetom prostranstvennoi dispersii i teoriia eksitonov</subfield></datafield><datafield ind1=" " ind2=" " tag="260"><subfield code="a">Moskva, Izd.Nauka, 1965. 374 S</subfield></datafield><datafield ind1=" " ind2=" " tag="852"><subfield code="a">21933</subfield></datafield></record></collection>